% This file was created with JabRef 2.9.2.
% Encoding: UTF-8


@BOOK{atienza1979,
  title = {Documentação jurídica},
  subtitle = {introdução à análise e indexação de atos legais},
  publisher = {Achiamé},
  year = {1979},
  author = {Cecília Andreotti Atienza},
  pages = {266},
  address = {Rio de Janeiro}
}

@ARTICLE{carvalho2002,
  author = {Ana Elizabete Carvalho and Helena Cristina Tavares},
  title = {Visão geral sobre requisitos},
  journal = {Tematec},
  volume = {ano 8},
  number = {60},
  year = {2002},
  address = {Brasília},
  url = {http://www1.serpro.gov.br/publicacoes/tematec/pubtem60.htm},
  urlaccessdate = {14.5.2013}
}

@book{davenport2001,
  author = {T. H. Davenport},
  title = {Ecologia da informação},
  furtherresp={Tradu{\c c}\~ao Bernadette Siqueira Abrão},
  edition = {3},
  address = {São Paulo},
  publisher = {Futura},
  year = {2001},
  pages = {316}
}

@book{conarq2009,
  organization = {Brasil},
  publisher = {Conselho Nacional de Arquivos Brasil},
  title = {Modelo de requisitos para sistemas informatizados de gestão arquivística de documentos},
  subtitle = {e-ARQ Brasil. Versão 1.1},
  address = {Rio de Janeiro},
  year = {2009}
}

@book{cnj2009,
  organization = {Brasil},
  publisher = {Conselho Nacional de Justiça},
  title = {Modelo de Requisitos para Sistemas Informatizados de Gestão de Processos e Documentos do Judiciário brasileiro},
  subtitle = {MoReq-Jus. Versão 1.0},
  address = {Brasília},
  year = {2009},
  url = {http://www.cnj.jus.br/images/stories/docs_cnj/resolucao/manualmoreq.pdf},
  urlaccessdate = {14.5.2013}
}


@book{cd2012,
  organization = {Brasil},
  publisher = {Câmara dos Deputados. Centro de Documentação e Informação. Edições Câmara Congresso},
  title = {Manual de Compilação da Legislação Brasileira da Câmara dos Deputados},
  year = {2012},
  address = {Brasília},
  url = {http://bd.camara.gov.br/bd/bitstream/handle/bdcamara/10009/manual_compilacao_legislacao.pdf?sequence=1},
  urlaccessdate = {10.5.2013}
}

@article{estudo2010,
  title = {Quantidade de normas editadas no Brasil: 22 anos da Constituição Federal de 1988},
  author = {Gilberto Luiz do Amaral and João Eloi Olenike and Fernando Steinbruch and Letícia M. Fernandes do Amaral},
  journal = {IBPT Instituto Brasileiro de Planejamento Tributário},
  address = {Curitiba},
  month = {Oct},
  year = {2010},
  url = {www.ibpt.com.br/noticia/57/Brasil-editou-46-normas-tributarias-por-dia-util-em-22-anos},
  urlaccessdate = {14.5.2013}
}

@ARTICLE{european2008,
  organization = {European Commission},
  title = {Model requirements for the management of electronic records},
  subtitle = {Update and extension 2008},
  issn = {1725-1540},
  address = {Luxembourg},
  publisher = {Office for Official Publications of the European Communities},
  year = {2008},
  url = {http://ec.europa.eu/archival-policy/moreq/doc/moreq2_spec.pdf},
  urlaccessdate = {14.5.2013}
}

@book{ferreira-filho2009,
  author = {Manoel Gonçalves Ferreira{ }Filho},
  title = {Do processo legislativo},
  edition = {6. ed. rev. e atual},
  address = {São Paulo},
  publisher = {Saraiva},
  year = {2009}
}

@book{ferreira-filho1968,
  author = {Manoel Gonçalves Ferreira{ }Filho},
  title = {Do processo legislativo},
  address = {São Paulo},
  publisher = {Saraiva},
  year = {1968}
}

@book{almeida-filho2005,
  author = {José Carlos de Araújo Almeida-Filho and Aldemario Araújo Castro},
  title = {Manual de informática jurídica e direito da informática},
  address = {Rio de Janeiro},
  publisher = {Forense},
  year = {2005}
}

@article{filipi1971,
  author = {Marco Antônio Filipi},
  title = {Senado instala Centro de Informações},
  journal = {Estado de São Paulo},
  month = {28 nov.},
  year = {1971}
}


@phdthesis{lima2004,
  author = {Gercina Angela Borém Lima},
  title = {Mapa Hipertextual (MHTX)},
  subtitle = {um modelo para organização hipertextual de documentos},
  address = {Belo Horizonte},
  school = {Escola de Ciência da Informação da UFMG},
  pages = {199},
  year = {2004}
}

@article{passos1994,
  author = {Edilenice Passos},
  title = {O controle da informação jurídica no {Brasil}: a contribuição do {Senado Federal}},
  journal = {Ciência da Informação},
  address = {Brasília},
  volume = {23},
  number = {3},
  pages = {363-368},
  month = {set./dez.},
  year = {1994}
}

@book{passos2009,
  author = {Edilenice Passos and Lucivaldo Vasconcelos Barros},
  title = {Fontes de informação para pesquisa em direito},
  address = {Brasília},
  publisher = {Briquet de Lemos/Livros},
  pages = {170},
  year = {2009}
}

@article{piers2003,
  author = {Cain Piers},
  title = {{MoReq}: {The Standard of the Future?}},
  year = {2003},
  journal = {The Information Management Journal},
  section = {Setting Standards},
  url = {https://www.arma.org/bookstore/files/standards_0303.pdf},
  month = {March/April},
  pages = {54--59}, 
  urlaccessdate = {14.5.2013}
}

@article{wald1969,
  author = {Arnoldo Wald},
  title = {A elaboração e revisão dos projetos de códigos},
  journal = {Revista de Direito da Procuradoria Geral},
  address = {Guanabara},
  pages = {166-189},
  year = {1969}
}

@book{cf1988,
  address = {Bras{\’\i}lia, DF},
  organization = {Brasil},
  publisher = {Senado Federal},
  title={Constitui{\c c}\~ao da Rep\’ublica Federativa do Brasil},
  type={Constitui{\c c}\~ao (1988)},
  year={1988}
}